<?xml version="1.0" encoding="UTF-8"?><record xmlns="http://www.loc.gov/MARC21/slim" xmlns:cinclude="http://apache.org/cocoon/include/1.0" xmlns:zs="http://www.loc.gov/zing/srw/">
  <leader>01182cz  a2200289n  4500</leader>
  <controlfield tag="001">n  85044035 </controlfield>
  <controlfield tag="003">DLC</controlfield>
  <controlfield tag="005">20130124074727.0</controlfield>
  <controlfield tag="008">850701n| azannaabn          |a aaa      </controlfield>
  <datafield tag="010" ind1=" " ind2=" ">
    <subfield code="a">n  85044035 </subfield>
    <subfield code="z">no2011118814</subfield>
  </datafield>
  <datafield tag="035" ind1=" " ind2=" ">
    <subfield code="a">(OCoLC)oca01380209</subfield>
  </datafield>
  <datafield tag="035" ind1=" " ind2=" ">
    <subfield code="a">(Uk)001410523</subfield>
  </datafield>
  <datafield tag="040" ind1=" " ind2=" ">
    <subfield code="a">DLC</subfield>
    <subfield code="b">eng</subfield>
    <subfield code="c">DLC</subfield>
    <subfield code="d">DLC</subfield>
    <subfield code="d">OCoLC</subfield>
    <subfield code="d">Uk</subfield>
    <subfield code="d">DLC</subfield>
    <subfield code="e">rda</subfield>
  </datafield>
  <datafield tag="046" ind1=" " ind2=" ">
    <subfield code="f">1939</subfield>
    <subfield code="g">20130109</subfield>
  </datafield>
  <datafield tag="100" ind1="1" ind2=" ">
    <subfield code="a">Vidal Hernández, J. M.</subfield>
  </datafield>
  <datafield tag="370" ind1=" " ind2=" ">
    <subfield code="a">Mahón, Spain</subfield>
    <subfield code="b">Mahón, Spain</subfield>
  </datafield>
  <datafield tag="373" ind1=" " ind2=" ">
    <subfield code="a">Institut Menorquí d'Estudis</subfield>
    <subfield code="2">naf</subfield>
  </datafield>
  <datafield tag="375" ind1=" " ind2=" ">
    <subfield code="a">male</subfield>
  </datafield>
  <datafield tag="377" ind1=" " ind2=" ">
    <subfield code="a">cat</subfield>
  </datafield>
  <datafield tag="378" ind1=" " ind2=" ">
    <subfield code="q">Josep Miquel</subfield>
  </datafield>
  <datafield tag="400" ind1="1" ind2=" ">
    <subfield code="a">Herńandez, J. M. Vidal</subfield>
  </datafield>
  <datafield tag="400" ind1="1" ind2=" ">
    <subfield code="a">Vidal, Josep M.</subfield>
  </datafield>
  <datafield tag="400" ind1="1" ind2=" ">
    <subfield code="w">nne</subfield>
    <subfield code="a">Vidal Hernández, Josep Miquel</subfield>
  </datafield>
  <datafield tag="670" ind1=" " ind2=" ">
    <subfield code="a">Imatges del port de Maó, 1981:</subfield>
    <subfield code="b">t.p. verso (J.M. Vidal Hernández)</subfield>
  </datafield>
  <datafield tag="670" ind1=" " ind2=" ">
    <subfield code="a">Jornades sobre Conservació i Densenvolupament ... 1992:</subfield>
    <subfield code="b">t.p. (Josep M. Vidal) p. 200 (Josep Miquel Vidal Hernández; Inst. Menorquí d'Estudis)</subfield>
  </datafield>
  <datafield tag="670" ind1=" " ind2=" ">
    <subfield code="a">Mateu Orfila</subfield>
    <subfield code="b">t.p. (Josep Miquel Vidal Hernández)</subfield>
  </datafield>
  <datafield tag="670" ind1=" " ind2=" ">
    <subfield code="a">El país WWW site, Jan. 23, 2013</subfield>
    <subfield code="b">(Josep Miquel Vidal; Josep Miquel Vidal Hernández; b. 1939, Mahón; d. there Jan. 9, 2013; secretary, Inst. Menorquí d'Estudis)</subfield>
  </datafield>
</record>